<record><leader>00000cas a22000007a 4500</leader><controlfield tag="001">14080043</controlfield><controlfield tag="008">860812d192819uutxuwr ne      0    0eng d</controlfield><datafield ind1=" " ind2=" " tag="010"><subfield code="a">sn 86088397 </subfield></datafield><datafield ind1=" " ind2=" " tag="040"><subfield code="a">PPM</subfield><subfield code="b">eng</subfield><subfield code="c">PPM</subfield><subfield code="d">OCL</subfield><subfield code="d">PPM</subfield><subfield code="d">OCLCQ</subfield></datafield><datafield ind1=" " ind2=" " tag="042"><subfield code="a">msc</subfield></datafield><datafield ind1="0" ind2="0" tag="245"><subfield code="a">Heart o' Texas news.</subfield></datafield><datafield ind1=" " ind2=" " tag="260"><subfield code="a">Brady, Tex. :</subfield><subfield code="b">Smith and Deer</subfield></datafield><datafield ind1=" " ind2=" " tag="300"><subfield code="a">v. :</subfield><subfield code="b">ill. ;</subfield><subfield code="c">57 cm.</subfield></datafield><datafield ind1=" " ind2=" " tag="310"><subfield code="a">Weekly</subfield></datafield><datafield ind1="1" ind2=" " tag="362"><subfield code="a">Began in 1928?</subfield></datafield><datafield ind1=" " ind2=" " tag="500"><subfield code="a">"Absorbing the Brady Sentinel established October 12, 1880. Vol. 49, number 3."</subfield></datafield><datafield ind1=" " ind2=" " tag="588"><subfield code="a">Description based on: Apr. 20, 1928 issue.</subfield></datafield><datafield ind1=" " ind2=" " tag="752"><subfield code="a">United States</subfield><subfield code="b">Texas</subfield><subfield code="c">McCulloch</subfield><subfield code="d">Brady.</subfield></datafield><datafield ind1="1" ind2="5" tag="780"><subfield code="t">Brady sentinel</subfield></datafield></record>